@article{lorimer,
    author = {Lorimer, D},
    title = {SigProc - v4.0: Pulsar Signal Processing Programs},
    year = {2007}
}

@article{ransom,
    author = {Ransom, S},
    title = {Searching for PUlsar with Presto},
}

@article{lynch,
    author = {Lynch, R},
    title = {From the Telescope to the Collaboratory}
}

@article{lyon,
    author = {James Lyon, R},
    title = {Why are pulsars to hard to find?},
    year = {2016}
}

@article{barr,
    author = {Daniel Barr, E},
    title = {Searching for Pulsars with the Effelsberg Telescope},
    year = {2012}
}

@article{heerden,
    author = {van Heerden, E},
    title = {Data Challenges in Pulsar Searches},
    year = {2017}
}

@article{lazarus,
    author = {Lazarus, P},
    title = {Arecibo pulsar survey using ALFA IV mock spectrometer data analysis, survey sensitivity, and the discovery of 40 pulsars.},
    year = {2015}
}

@article{scholz,
    author = {Scholz, P},
    title = {The repeating fast radio burst FRB 121102: multi-wavelength observations and additional bursts.},
    year = {2016}
}

@misc{chatterjee,
    author = {Chatterjee, S},
    title = {Applications of the Fourier Transform},
    year = {2013}
}

@article{sclocco,
    author = {Sclocco, A},
    title = {Real-Time Dedispersion for Fast Radio Transient Surveys, using Auto Tuning on Many-Core Accelerators},
    year = {2016}
}

@article{grootjans,
    author = {Grootjans, R},
    title = {Detection of Dispersed Pulsars in a Time Series by Using a Matched Filtering Approach},
    year = {2016}
}

@article{cameron,
    author = {Cameron, A},
    title = {An investigation on pulsar searching techniques with the Fast Folding Algorithm},
    year = {2017}
}