@article{nguyen,
    author = {Nguyen-Hoan, L and Flint, S and Sankaranarayana, R},
    title = {A Survey of Scientific Software Development},
    year = {2010}
}

@article{guillemette,
    author = {Guillemette, R},
    title = {Application Software},
    year = {1987}
}

@article{garousi,
    author = {Garousi, G and Garousi-Yusifoglu, V and Ruhe, G and Zhi, J and Moussavi, M and Smith, B},
    title = {Usage and usefulness of technical software documentation: An industrial case study},
    year = {2014}
}

@article{ding,
    author = {Ding, W and Liang, P and Tang, A and Vliet, Hans van},
    title = {Knowledge-based approaches in software documentation: A systematic literature review},
    year = {2014}
}

@article{jansen,
    author = {Jansen, A and Avgeriou, P and Ven, Jan Salvador van den},
    title = {Enriching software architecture documentation},
    year = {2009}
}

@article{voigt,
    author = {Voigt, S},
    title = {A Method for Documenting Agile Software Projects},
    year = {2017}
}

@article{voigt2,
    author = {Voigt, S and Garrel, Jorg von and Muller, Julia and Wirth, Dominic},
    title = {A Study of Documentation in Agile Software Projects},
    year = {2016}
}

@article{watson,
    author = {Watson, R and Stamnes, M and Jeannot-Schroeder, J and Spyridakis, J},
    title = {API Documentation and Software Community Values: A Survey of Open-Source API Documentation},
    year = {2013}
}